<record><leader>00000cas a22000007a 4500</leader><controlfield tag="001">12865376</controlfield><controlfield tag="008">851203d190u19uuwiuwr ne      0    0eng d</controlfield><datafield ind1=" " ind2=" " tag="010"><subfield code="a">sn 85041562 </subfield></datafield><datafield ind1=" " ind2=" " tag="040"><subfield code="a">NPV</subfield><subfield code="b">eng</subfield><subfield code="c">NPV</subfield><subfield code="d">OCL</subfield><subfield code="d">OCLCQ</subfield></datafield><datafield ind1=" " ind2=" " tag="042"><subfield code="a">msc</subfield></datafield><datafield ind1=" " ind2=" " tag="045"><subfield code="a">x0x-</subfield></datafield><datafield ind1=" " ind2=" " tag="052"><subfield code="a">4123</subfield><subfield code="b">P7</subfield></datafield><datafield ind1="0" ind2="0" tag="245"><subfield code="a">[Ro]sholt echo.</subfield></datafield><datafield ind1=" " ind2=" " tag="260"><subfield code="a">Rosholt, Wis. :</subfield><subfield code="b">J.O. Oas</subfield></datafield><datafield ind1=" " ind2=" " tag="300"><subfield code="a">v.</subfield></datafield><datafield ind1=" " ind2=" " tag="310"><subfield code="a">Weekly</subfield></datafield><datafield ind1="1" ind2=" " tag="362"><subfield code="a">Began in 1905 or 1906.</subfield></datafield><datafield ind1=" " ind2=" " tag="500"><subfield code="a">Editor: J.O. Oas, &lt;March 2&gt;-&lt;April, 20, 1906&gt;.</subfield></datafield><datafield ind1=" " ind2=" " tag="530"><subfield code="a">Available on microfilm from The State Historical Society of Wisconsin.</subfield></datafield><datafield ind1=" " ind2=" " tag="588"><subfield code="a">Description based on: Vol. 1, no. 19 (Mar. 2, 1906).</subfield></datafield><datafield ind1=" " ind2=" " tag="752"><subfield code="a">United States</subfield><subfield code="b">Wisconsin</subfield><subfield code="c">Portage</subfield><subfield code="d">Rosholt.</subfield></datafield><datafield ind1="1" ind2=" " tag="029"><subfield code="a">AU@</subfield><subfield code="b">000022742787</subfield></datafield></record>